%%%%%%%%%%%%%%%%%%%%%%%% standard & introduction
@ARTICLE{draft_ax,
title={Draft 1.0, Part 11: Wireless LAN Medium Access Control (MAC) and Physical Layer (PHY) Specifications, Amendment 6: Enhancements for High Efficiency WLAN}, 
author={},
journal={IEEE Std. 802.11ax},
year={2016}, 
pages={1-376}, 
month={Dec},
}

@article{802.11spec,
  title={IEEE 802.11-2012: Wireless LAN Medium Access Control MAC and Physical Layer PHY Specifications},
  author={},
  journal={IEEE 802.11 LAN Standards},
  year={2012}
}

@article{802.11acspec,
  title={IEEE std 802.11ac:-2013 Wireless LAN Medium Access Control MAC and Physical Layer PHY Specifications},
  author={},
  journal={IEEE 802.11 LAN Standards},
  year={2013}
}

@book{perahia2013next,
  title={Next Generation Wireless LANS: 802.11 n and 802.11 ac},
  author={Perahia, Eldad and Stacey, Robert},
  year={2013},
  publisher={Cambridge university press}
}

@book{o2005handbook,
  title={IEEE 802.11 handbook: a designer's companion},
  author={O'hara, Bob and Petrick, Al},
  year={2005},
  publisher={IEEE Standards Association}
}

@misc{802.11ax_par,
  title={802.11 HEW SG Proposed PAR},
  author={Osama Aboul-Magd},
  journal={},
  howpublished={\url{http://www.ieee802.org/11/Reports/tgax_update.htm}},
  year={2014},
  month={March},
  note= "[Online; accessed 5-Dec-2016]"
}

@misc{802.11ax_simu,
  title={TGax Simulation Scenarios},
  author={Simone Merlin, Gwen Barriac, Hemanth Sampath},
  journal={},
  howpublished={\url{http://www.ieee802.org/11/Reports/tgax_update.htm}},
  year={2015},
  month={July},
  note= "[Online; accessed on 5-Dec-2016]"
}

@misc{qoe,
  title={wikipedia: Quality of Experience},
  howpublished={\url{https://en.wikipedia.org/wiki/Quality_of_experience}},
  note="[Online; accessed on 10-Dec-2016]"
}

@misc{osi,
  title={wikipedia, Open Systems Interconnection model (OSI model)},
  howpublished={\url{https://en.wikipedia.org/wiki/OSI_model}},
  note={[Online; accessed on 10-Dec-2016]}
}

@misc{wifialliance,
  title={WiFi Alliance},
  howpublished={\url{http://www.wi-fi.org/}},
}

@misc{cisco2016,
  title={Cisco Visual Networking Index:Forecast and Methodology, 2015â€“2020},
  author={Cisco},
   howpublished={\url{http://www.cisco.com/c/en/us/solutions/collateral/service-provider/visual-networking-index-vni/complete-white-paper-c11-481360.pdf}},
  note="[Online; accessed on 13-June-2016]"
}

@misc{abiresearch,
  title={More Than 20 Billion Cumulative Wi-Fi Chipset Shipments by 2021 While Increased Use of 5GHz Spectrum Raises Coexistence Issues with LTE-U},
  howpublised={\url{https://www.abiresearch.com/press/abi-research-anticipates-more-20-billion-cumulativ/}},
  note="[Online; accessed on 12-Dec-2016]"
}

@article{khorov2015survey,
  title={A survey on IEEE 802.11 ah: An enabling networking technology for smart cities},
  author={Khorov, Evgeny and Lyakhov, Andrey and Krotov, Alexander and Guschin, Andrey},
  journal={Computer Communications},
  volume={58},
  pages={53--69},
  year={2015},
  publisher={Elsevier}
}

@book{bertsekas1992data,
  title={Data networks},
  author={Bertsekas, Dimitri P and Gallager, Robert G and Humblet, Pierre},
  volume={2},
  year={1992},
  publisher={Prentice-Hall International New Jersey}
}

@article{dengquality,
  title={On Quality-of-Service Provisioning in IEEE 802.11 ax WLANs},
  author={Deng, Der-Jiunn and Lien, Shao-Yu and Lee, Jorden and Chen, Kwang-Cheng},
  journal={IEEE Access},
  publisher={IEEE}
}

@article{bejarano2013ieee,
  title={IEEE 802.11 ac: from channelization to multi-user MIMO.},
  author={Bejarano, Oscar and Knightly, Edward W and Park, Minyoung},
  journal={IEEE Communications Magazine},
  volume={51},
  number={10},
  pages={84--90},
  year={2013},
  publisher={Citeseer}
}

@article{foschini1996layered,
  title={Layered space-time architecture for wireless communication in a fading environment when using multi-element antennas},
  author={Foschini, Gerard J},
  journal={Bell labs technical journal},
  volume={1},
  number={2},
  pages={41--59},
  year={1996},
  publisher={Alcatel-Lucent}
}

%%%%%%%%%%%%%%%%%% studying
@article{bianchi2000performance,
  title={Performance analysis of the IEEE 802.11 distributed coordination function},
  author={Bianchi, Giuseppe},
  journal={IEEE Journal on selected areas in communications},
  volume={18},
  number={3},
  pages={535--547},
  year={2000},
  publisher={IEEE}
}
@article{daneshgaran2008unsaturated,
  title={Unsaturated throughput analysis of IEEE 802.11 in presence of non ideal transmission channel and capture effects},
  author={Daneshgaran, Fred and Laddomada, Massimiliano and Mesiti, Fabio and Mondin, Marina},
  journal={IEEE Transactions on Wireless Communications},
  volume={7},
  number={4},
  pages={1276--1286},
  year={2008},
  publisher={IEEE}
}
@article{kleinrock1975packet,
  title={Packet switching in radio channels: Part I-carrier sense multiple-access modes and their throughput-delay characteristics},
  author={Kleinrock, Leonard and Tobagi, Fouad},
  journal={IEEE transactions on Communications},
  volume={23},
  number={12},
  pages={1400--1416},
  year={1975},
  publisher={IEEE}
}

@article{chen1994medium,
  title={Medium access control of wireless LANs for mobile computing},
  author={Chen, Kwang-Cheng},
  journal={IEEE Network},
  volume={8},
  number={5},
  pages={50--63},
  year={1994}
}

@inproceedings{ho1996performance,
  title={Performance analysis of IEEE 802.11 CSMA/CA medium access control protocol},
  author={Ho, Tien-Shin and Chen, Kwang-Cheng},
  booktitle={proc. PIMRC},
  volume={96},
  pages={407--411},
  year={1996}
}
%%%%%%%%%%%%%%%%%%%% related work
@ARTICLE{GeneralizedOFDMACSMACA, 
author={H. Kwon and H. Seo and S. Kim and B. G. Lee}, 
journal={IEEE Transactions on Wireless Communications}, 
title={Generalized CSMA/CA for OFDMA systems: protocol design, throughput analysis, and implementation issues}, 
year={2009}, 
volume={8}, 
number={8}, 
pages={4176-4187},  
doi={10.1109/TWC.2009.080816}, 
ISSN={1536-1276}, 
month={August}
}
@article{choi2006multichannel,
  title={Multichannel random access in OFDMA wireless networks},
  author={Choi, Young-June and Park, Suho and Bahk, Saewoong},
  journal={IEEE Journal on Selected Areas in Communications},
  volume={24},
  number={3},
  pages={603--613},
  year={2006},
  publisher={IEEE}
}
@article{zhou2008efficient,
  title={An efficient random access scheme for OFDMA systems with implicit message transmission},
  author={Zhou, Ping and Hu, Honglin and Wang, Haifeng and Chen, Hsiao-hwa},
  journal={IEEE transactions on wireless communications},
  volume={7},
  number={7},
  pages={2790--2797},
  year={2008},
  publisher={IEEE}
}
@article{seo2011design,
  title={Design and analysis of backoff algorithms for random access channels in UMTS-LTE and IEEE 802.16 systems},
  author={Seo, Jun-Bae and Leung, Victor CM},
  journal={IEEE Transactions on Vehicular Technology},
  volume={60},
  number={8},
  pages={3975--3989},
  year={2011},
  publisher={IEEE}
}
@article{wei2015modeling,
  title={Modeling and analysis of random access channels with bursty arrivals in OFDMA wireless networks},
  author={Wei, Chia-Hung and Bianchi, Giuseppe and Cheng, Ray-Guang},
  journal={IEEE Transactions on Wireless Communications},
  volume={14},
  number={4},
  pages={1940--1953},
  year={2015},
  publisher={IEEE}
}
@inproceedings{kim2012performance,
  title={Performance evaluation of random access for M2M communication on IEEE 802.16 network},
  author={Kim, Seokki and Cha, Jaesun and Jung, Soojung and Yoon, Chulsik and Lim, Kwangjae},
  booktitle={Advanced Communication Technology (ICACT), 2012 14th International Conference on},
  pages={278--283},
  year={2012},
  organization={IEEE}
}

@inproceedings{paiva2011random,
  title={Random access capacity evaluation with synchronized MTC users over wireless networks},
  author={Paiva, RCD and Vieira, Robson D and Saily, M},
  booktitle={Vehicular Technology Conference (VTC Spring), 2011 IEEE 73rd},
  pages={1--5},
  year={2011},
  organization={IEEE}
}
@article{behroozi1992delay,
  title={Delay upper bounds for a finite user random-access system with bursty arrivals},
  author={Behroozi-Toosi, Amir B and Rao, Ramesh R},
  journal={IEEE transactions on communications},
  volume={40},
  number={3},
  pages={591--596},
  year={1992},
  publisher={IEEE}
}
@inproceedings{ren1995transient,
  title={Transient analysis of media access protocols by diffusion approximation},
  author={Ren, Qiang and Kobayashi, H},
  booktitle={Information Theory, 1995. Proceedings., 1995 IEEE International Symposium on},
  pages={107},
  year={1995},
  organization={IEEE}
}
@inproceedings{shen2003performance,
  title={Performance analysis for a stabilized multi-channel slotted ALOHA algorithm},
  author={Shen, Dongxu and Li, Victor OK},
  booktitle={Personal, Indoor and Mobile Radio Communications, 2003. PIMRC 2003. 14th IEEE Proceedings on},
  volume={1},
  pages={249--253},
  year={2003},
  organization={IEEE}
}
@inproceedings{cheng2013iterative,
  title={Iterative contending-user estimation method for OFDMA wireless networks with bursty arrivals},
  author={Cheng, Ray-Guang and Wei, Chia-Hung and Tsao, Shiao-Li},
  booktitle={2013 IEEE Symposium on Computers and Communications (ISCC)},
  pages={000240--000245},
  year={2013},
  organization={IEEE}
}
@article{wei2012modeling,
  title={Modeling and estimation of one-shot random access for finite-user multichannel slotted ALOHA systems},
  author={Wei, Chia-Hung and Cheng, Ray-Guang and Tsao, Shiao-Li},
  journal={IEEE Communications Letters},
  volume={16},
  number={8},
  pages={1196--1199},
  year={2012},
  publisher={IEEE}
}
@article{wu2013fasa,
  title={FASA: Accelerated S-ALOHA using access history for event-driven M2M communications},
  author={Wu, Huasen and Zhu, Chenxi and La, Richard J and Liu, Xin and Zhang, Youguang},
  journal={IEEE/ACM Transactions on Networking},
  volume={21},
  number={6},
  pages={1904--1917},
  year={2013},
  publisher={IEEE}
}
@inproceedings{deng2014ieee,
  title={IEEE 802.11 ax: Next generation wireless local area networks},
  author={Deng, Der-Jiunn and Chen, Kwang-Cheng and Cheng, Rung-Shiang},
  booktitle={Heterogeneous Networking for Quality, Reliability, Security and Robustness (QShine), 2014 10th International Conference on},
  pages={77--82},
  year={2014},
  organization={IEEE}
}

@article{bellalta2016ieee,
  title={IEEE 802.11 ax: high-efficiency wlans},
  author={Bellalta, Boris},
  journal={IEEE Wireless Communications},
  volume={23},
  number={1},
  pages={38--46},
  year={2016},
  publisher={IEEE}
}
@inproceedings{tan1987performance,
  title={Performance of multiple parallel slotted Aloha channels},
  author={Tan, HH and Wang, H},
  booktitle={Proc. INFOCOM},
  volume={87},
  pages={931--940},
  year={1987}
}
@inproceedings{marsan1987multichannel,
  title={Multichannel Aloha networks with reduced connections},
  author={Marsan, M Ajmone and Bruscagin, M},
  booktitle={IEEE INFOCOM},
  volume={87},
  pages={268--275},
  year={1987}
}
@inproceedings{zhang1992multichannel,
  title={Multichannel Aloha data networks for personal communications services (PCS)},
  author={Zhang, Z and Liu, Y-J},
  booktitle={Global Telecommunications Conference, 1992. Conference Record., GLOBECOM'92. Communication for Global Users., IEEE},
  pages={21--25},
  year={1992},
  organization={IEEE}
}
@article{birk1999judicious,
  title={Judicious use of redundant transmissions in multichannel ALOHA networks with deadlines},
  author={Birk, Yitzhak and Keren, Yaron},
  journal={IEEE Journal on Selected Areas in Communications},
  volume={17},
  number={2},
  pages={257--269},
  year={1999},
  publisher={IEEE}
}
@article{rubin1978group,
  title={Group random-access disciplines for multi-access broadcast channels},
  author={Rubin, Izhak},
  journal={IEEE Transactions on Information Theory},
  volume={24},
  number={5},
  pages={578--592},
  year={1978},
  publisher={IEEE}
}

@inproceedings{abramson1970aloha,
  title={THE ALOHA SYSTEM: another alternative for computer communications},
  author={Abramson, Norman},
  booktitle={Proceedings of the November 17-19, 1970, fall joint computer conference},
  pages={281--285},
  year={1970},
  organization={ACM}
}
@article{pountourakis1992analysis,
  title={Analysis, stability and optimization of Aloha-type protocols for multichannel networks},
  author={Pountourakis, Ioannis E and Sykas, Efstathios D},
  journal={Computer Communications},
  volume={15},
  number={10},
  pages={619--629},
  year={1992},
  publisher={Elsevier}
}
@article{szpankowski1983packet,
  title={Packet switching in multiple radio channels: Analysis and stability of a random access system},
  author={Szpankowski, Wojciech},
  journal={Computer Networks (1976)},
  volume={7},
  number={1},
  pages={17--26},
  year={1983},
  publisher={Elsevier}
}